@techreport{Azuma97,
    author    = "Ronald T. Azuma",
    title     = "A {S}urvey {O}f {A}ugmented {R}eality",
    institution = "Hughes Research Laboratories",
    type     = "", 
    number   = "",
    address  = "",
    year      = "1997",
    month    = "August",
    note     = "",
}

@techreport{Mackay,
    author    = "Wendy E. Mackay",
    title     = "Augmented reality: linking real and virtual worlds: a new paradigm for interacting with computers",
    institution = "Department of Computer Science, Université de Paris-Sud",
    type     = "", 
    number   = "",
    address  = "",
    year     = "",
    month    = "",
    note     = ""
}

@techreport{Weichert13,
    author    = "Frank Weichert, Daniel Bachmann , Bartholomäus Rudak and Denis Fisseler ",
    title     = "Analysis of the Accuracy and Robustness of the Leap Motion Controller",
    institution = "Department of Computer Science VII, Technical University Dortmund",
    type     = "", 
    number   = "",
    address  = "",
    year      = "2013",
    month    = "May",
    note     = ""
}

@conference{AmonFuhrmann14,
    author    = "Clemens Amon and Ferdinand Fuhrmann",
    title     = "Evaluation of the spatial resolution accuracy of the face tracking system for Kinect for Windows V1 and V2",
    booktitle = "",
    editor   = "Joanneum Research",
    volume   = "6th Congress",
    number   = "",
    series   = "",
    pages    = "",
    address  = "",
    year      = "2014",
    month    = "",
    publisher= "Alps-Adria Acoustics Assosiation",
    note     = ""
}

@inproceedings{Bassily14,
	author		= "D. Bassily and C. Georgoulas and J. Guettler and T. Linner and T. Bock",
	title		= "Intuitive and Adaptive Robotic Arm Manipulation using the Leap Motion Controller ",
	booktitle	= "ISR/Robotik 2014",
	editor		= "",
	volume		= "Proceedings of 41st International Symposium on Robotics",
	number		= "",
	series		= "",
	pages		= "1 - 7",
	address		= "",
	organization= "",
	publisher	= "VDE",
	year		= "2014",
	month		= "June",
	note		= ""
}

@article{Canny86,
	author    = "John Canny",
    title     = "A Computational Approach to Edge Detection",
    journal   = "IEEE Trans. on Pattern Analysis and Machine Intelligence",
    volume    = "Pami-8",
    number    = "6",
    pages     = "679-698",
    year      = "1986",
    month     = "November",
    note      = "",
}

@article{Shriv12,
	author    = "Shrivakshan, G. T and Chandrasekar, Dr. C",
    title     = "A Comparison of various Edge Detection Techniques used in Image Processing",
    journal   = "IJCSI International Journal of Computer Science Issues",
    volume    = "9",
    number    = "5",
    pages     = "269-276",
    year      = "2012",
    month     = "September",
    note      = "",
}


@unpublished{09gr820,
	author	= "09gr820",
	title	= "Canny Edge Detection",
	year	= "2009",
	month	= "March",
	note	= "Indian Institute of Technology Delhi, Department of Computer Science and Engineeering",
}

@article{Ding00,
	author    = "Ding, Lijun and Goshtasby, Ardeshir",
    title     = "On the Canny Edge Detector",
    journal   = "Pattern Recognition",
    volume    = "34",
    number    = "",
    pages     = "721-725",
    year      = "2001",
    month     = "",
    note      = "",
}

@article{Rashmi13,
	author    = "Rashmi and Kumar, Muhesh and Saxena, Rohini",
    title     = "Algorithm and Technique on various Edge Detection: A Survey",
    journal   = "Signal and Image Processing: An International Journal",
    volume    = "4",
    number    = "3",
    pages     = "65-75",
    year      = "2013",
    month     = "June",
    note      = "",
}

@article{Maini,
	author    = "Maini, Raman and Dr. Himanshu Aggarwal",
    title     = "Study and Comparison of Various Image Edge Detection Techniques",
    journal   = "International Journal of Image Processing (IJIP)",
    volume    = "3",
    number    = "1",
    pages     = "1-12",
    year      = "",
    month     = "",
    note      = "",
}

@techreport{Rosin,
    author    = "Paul L. Rosin",
    title     = "Thresholding for Change Detection",
    institution = "Brunel University",
    type     = "", 
    number   = "",
    address  = "",
    year      = "",
    month    = "",
    note     = "",
}

@techreport{Radke04,
	author    = "R. J. Radke and S. Andra and O. Al-Kofahi and B. Roysam",
    title     = "Image Change Detection Algorithms: A Systematic Survey",
    institution = "Rensselaer Polytechnic Institute",
    type     = "", 
    number   = "",
    address  = "",
    year      = "",
    month    = "",
    note     = "",
}

@article{Singh88,
	author    = "Ashbindu Singh",
    title     = "Review Article Digital change detection techniques using remotely-sensed data",
    journal   = "International Journal of Remote Sending",
    volume    = "10",
    number    = "6",
    pages     = "989-1003",
    year      = "1989",
    month     = "",
    note      = "",	
}

@article{Kim14,
	author    = "Yu Doo, Kim and Jin Tae, Park and Il Young, Moon and Chang Heon, Oh",
    title     = "Performance Analysis of ORB Image Matching Based on Android",
    journal   = "International Journal of Software Engineering and Its Applications",
    volume    = "8",
    number    = "3",
    pages     = "11-20",
    year      = "2014",
    month     = "",
    note      = "",	
}

@article{Pulli12,
	author    = "Pulli, Kari and Baksheev, Anatoly and Kornyakov, Kirill and Eruhimov, Victor",
    title     = "Real-Time Computer Vision with OpenCV",
    journal   = "Communications of the ACM",
    volume    = "55",
    number    = "6",
    pages     = "61-69",
    year      = "2012",
    month     = "June",
    note      = "",	
}

@techreport{Ferrari,
    author     = "V. Ferrari and T. Tuytelaars and L. Van Gool",
	title    = "Markerless Augmented Reality with a Real-time Affine Region Tracker",
    institution = "Computer Vision Group (BIWI), ETH Zuerich, Switzerland and ESAT-PSI, University of Leuven, Belgium",
    type     = "", 
    number   = "",
    address  = "",
    year     = "",
    month    = "",
    note     = "",
}

@misc{Reed14,
    author	= "Reed, S. and Kreylos, O. and Hsi, S. and Kellogg, L. and Schladow, G. and Yikilmaz, M.B. and Segale, H. and Silverman, J. and Yalowitz, S. and Sato, E.",
	title	= "Shaping Watersheds Exhibit: An Interactive, Augmented Reality Sandbox for Advancing Earth Science Education",
    howpublished = "Oral Presentation, American Geophysical Union (AGU) Fall Meeting 2014",
    year     = "2014",
    month    = "",
    note     = "",
}

